@book{typo,
  author    = {},
  title     = {Lexique des règles typographiques en usage à l'Imprimerie nationale},
  publisher = {L'Imprimerie nationale},
  author    = {Imprimerie nationale},
  year      = {2002},
  address   = {Paris},
  isbn      = {2-7433-0482-0}
}

@book{andre90,
  title     = {Petites leçons de typographie},
  author    = {Jacques André},
  year      = {1990},
  publisher = {Édition du jobet},
  keywords  = {typography}
}

@online{knuthwebsite,
  author   = {Donald Knuth},
  title    = {Knuth: Computers and Typesetting},
  year     = {2012},
  url      = {http://www-cs-faculty.stanford.edu/~uno/abcde.html},
  addendum = {(accessed: 01.09.2016)},
  keywords = {latex,knuth}
}

@article{einstein,
  author   = {Albert Einstein},
  title    = {{Zur Elektrodynamik bewegter K{\"o}rper}. ({German})
              [{On} the electrodynamics of moving bodies]},
  journal  = {Annalen der Physik},
  volume   = {322},
  number   = {10},
  pages    = {891--921},
  year     = {1905},
  doi      = {http://dx.doi.org/10.1002/andp.19053221004},
  keywords = {physics}
}

@book{dirac,
  title     = {The Principles of Quantum Mechanics},
  author    = {Paul Adrien Maurice Dirac},
  isbn      = {9780198520115},
  series    = {International series of monographs on physics},
  year      = {1981},
  publisher = {Clarendon Press},
  keywords  = {physics}
}

@online{UserManual,
  author   = {Ufactory},
  title    = {Ufactory xArm User Manual},
  url      = {https://cdn.prod.website-files.com/66b64592c985adcf598f1ee
  1/66d086ac9ffe190e0d23b39e_xArm-User-Manual-V2.3.0.pdf},
  addendum = {(accessed: 15.02.2025)},
  keywords = {Ufactory, Robotics, xArm}
}

@online{PythonSDK,
  author   = {Ufactory},
  title    = {xArm-Python-SDK},
  url      = {https://github.com/xArm-Developer/xArm-Python-SDK},
  addendum = {(accessed: 15.02.2025)},
  keywords = {Ufactory, xArm, Python}
}

@online{AICADocs,
  author   = {AICA},
  title    = {AICA Installation guide},
  url      = {https://docs.aica.tech},
  addendum = {(accessed: 9.03.2025)},
  keywords = {AICA, Robotics, Documentation}
}
